<record><leader>00000cas a2200000 a 4500</leader><controlfield tag="001">13908390</controlfield><controlfield tag="008">860721d19551956kyuwr ne      0    0eng d</controlfield><datafield ind1=" " ind2=" " tag="010"><subfield code="a">sn 86069311 </subfield></datafield><datafield ind1=" " ind2=" " tag="040"><subfield code="a">KNP</subfield><subfield code="b">eng</subfield><subfield code="c">KNP</subfield><subfield code="d">OCL</subfield><subfield code="d">OCLCQ</subfield><subfield code="d">KYUBL</subfield><subfield code="d">OCLCQ</subfield><subfield code="d">OCLCF</subfield><subfield code="d">OCLCO</subfield></datafield><datafield ind1="1" ind2=" " tag="029"><subfield code="a">AU@</subfield><subfield code="b">000022176484</subfield></datafield><datafield ind1=" " ind2=" " tag="042"><subfield code="a">msc</subfield></datafield><datafield ind1=" " ind2=" " tag="043"><subfield code="a">n-us-ky</subfield></datafield><datafield ind1="0" ind2="4" tag="245"><subfield code="a">The Irvington herald and the Breckenridge news.</subfield></datafield><datafield ind1="3" ind2="0" tag="246"><subfield code="a">Irvington herald and the Breckinridge news</subfield></datafield><datafield ind1=" " ind2=" " tag="260"><subfield code="a">Irvington, Ky. :</subfield><subfield code="b">Geo. M. Wilson,</subfield><subfield code="c">1955-1956.</subfield></datafield><datafield ind1=" " ind2=" " tag="300"><subfield code="a">v. :</subfield><subfield code="b">ill.</subfield></datafield><datafield ind1=" " ind2=" " tag="310"><subfield code="a">Weekly</subfield></datafield><datafield ind1="0" ind2=" " tag="362"><subfield code="a">Vol. 38, no. 20 (June 21, 1955)-v. 39, no. 17 (May 29, 1956).</subfield></datafield><datafield ind1=" " ind2="0" tag="651"><subfield code="a">Breckinridge County (Ky.)</subfield><subfield code="v">Newspapers.</subfield></datafield><datafield ind1=" " ind2="0" tag="651"><subfield code="a">Irvington (Ky.)</subfield><subfield code="v">Newspapers.</subfield></datafield><datafield ind1=" " ind2="7" tag="655"><subfield code="a">Newspapers.</subfield><subfield code="2">fast</subfield><subfield code="0">(OCoLC)fst01423814</subfield></datafield><datafield ind1=" " ind2="7" tag="651"><subfield code="a">Kentucky</subfield><subfield code="z">Breckinridge County.</subfield><subfield code="2">fast</subfield><subfield code="0">(OCoLC)fst01217695</subfield></datafield><datafield ind1=" " ind2="7" tag="651"><subfield code="a">Kentucky</subfield><subfield code="z">Irvington.</subfield><subfield code="2">fast</subfield><subfield code="0">(OCoLC)fst01250938</subfield></datafield><datafield ind1=" " ind2=" " tag="752"><subfield code="a">United States</subfield><subfield code="b">Kentucky</subfield><subfield code="c">Breckinridge</subfield><subfield code="d">Irvington.</subfield></datafield><datafield ind1="0" ind2="0" tag="780"><subfield code="t">Irvington herald</subfield><subfield code="w">(DLC)sn 86069308</subfield></datafield><datafield ind1="0" ind2="7" tag="785"><subfield code="t">Breckenridge news and the Irvington herald</subfield><subfield code="w">(DLC)sn 86069310</subfield></datafield><datafield ind1="0" ind2="7" tag="785"><subfield code="t">Breckinridge County herald-news</subfield><subfield code="w">(DLC)sn 86069312</subfield></datafield></record>